@unpublished{1,
   author = {P. San Pietro},
   title = {Lecture slides of FORMAL METHODS FOR CONCURRENT AND REAL-TIME SYSTEMS course},
   url = {https://webeep.polimi.it},
   year = {2025}
}
@book{2,
	author = {M. Bernardo, F. Corradini},
	title = {Formal Methods for the Design of Real-Time systems},
	url = {https://link.springer.com/book/10.1007/b110123},
	year = {2004}
}
@article{3,
	author = {G. Behrmann, A. David, K. G. Larsen},
	title = {A Tutorial on Uppaal 4.0},
	url = {https://uppaal.org/texts/new-tutorial.pdf},
	year = {2006}
}
@unpublished{4,
	author = {A. Manini, P. San Pietro},
	title = {The Uppaal Tool},
	url = {https://webeep.polimi.it},
	year = {2005}
}
@online{5,
	author = {I. Lee},
	title = {UPPAAL tutorial},
	url = {https://www.seas.upenn.edu/~lee/09cis480/lec-part-4-uppaal-input.pdf},
	year = {2009}
}
@online{6,
	author = {A. Maggiolo Schettini},
	title = {Veryfing Realâ€“Time Systems - The Uppaal Model Checker},
	url = {http://groups.di.unipi.it/~maggiolo/Lucidi_TA/VerifyingTA-Uppaal},
	year = {2007}
}
@unpublished{7,
	author = {L. Lestingi},
	title = {Statistical Model Checking and Uppaal SMC},
	url = {https://webeep.polimi.it},
	year = {2021}
}
